@article{poole2006there,
  title={{Is there life after tenure mapping?}},
  author={Poole, P.},
  journal={Participatory Learning and Action: Mapping for change: practice, technologies and communication},
  pages={41},
  year={2006}
}

@article{boulos2010web,
  title={{Web GIS in practice VIII: HTML5 and the canvas element for interactive online mapping}},
  author={Boulos, M.N.K. and Warren, J. and Gong, J. and Yue, P.},
  journal={International Journal of Health Geographics},
  volume={9},
  number={1},
  pages={14},
  year={2010},
  publisher={BioMed Central Ltd}
}

@article{chambers2006participatory,
  title={{Participatory mapping and geographic information systems: whose map? Who is empowered and who disempowered? Who gains and who loses?}},
  author={Chambers, R.},
  journal={The Electronic Journal of Information Systems in Developing Countries},
  volume={25},
  number={0},
  year={2006}
}

@article{goodchild2009neogeography,
  title={{NeoGeography and the nature of geographic expertise}},
  author={Goodchild, M.},
  journal={Journal of Location Based Services},
  volume={99999},
  number={1},
  pages={1--15},
  year={2009},
  publisher={Taylor \& Francis}
}

@article{rambaldi2006participatory,
  title={{Participatory spatial information management and communication in developing countries}},
  author={Rambaldi, G. and Kyem, P.A.K. and McCall, M. and Weiner, D.},
  journal={The Electronic Journal of Information Systems in Developing Countries},
  volume={25},
  number={0},
  year={2006}
}

@article{rambaldi2006practical,
  title={{Practical ethics for PGIS practitioners, facilitators, technology intermediaries and researchers}},
  author={Rambaldi, G. and Chambers, R. and McCall, M. and Fox, J.},
  journal={Participatory Learning and Action: Mapping for change: practice, technologies and communication},
  pages={106},
  year={2006}
}

@article{rana2009neogeography,
  title={{NeoGeography: an extension of mainstream geography for everyone made by everyone?}},
  author={Rana, S. and Joliveau, T.},
  journal={Journal of Location Based Services},
  volume={3},
  number={2},
  pages={75--81},
  year={2009},
  publisher={Taylor \& Francis, Inc.}
}

% miyamoto-2004.pdf
@article{miyamoto2004use,
  title={{Use of balloon aerial photography for classification of Kushiro wetland vegetation, northeastern Japan}},
  author={Miyamoto, M. and Yoshino, K. and Nagano, T. and Ishida, T. and Sato, Y.},
  journal={Wetlands},
  volume={24},
  number={3},
  pages={701--710},
  year={2004},
  publisher={Springer}
}

@article{boike2003mapping,
  title={{Mapping of periglacial geomorphology using kite/balloon aerial photography}},
  author={Boike, J. and Yoshikawa, K.},
  journal={Permafrost and periglacial processes},
  volume={14},
  number={1},
  pages={81--85},
  year={2003},
  publisher={John Wiley \& Sons}
}

% buerkert-aerial-monitoring-technique-1996.pdf
@article{buerkert1996soil,
  title={{Soil productivity management and plant growth in the Sahel: potential of an aerial monitoring technique}},
  author={Buerkert, A. and Mahler, F. and Marschner, H.},
  journal={Plant and Soil},
  volume={180},
  number={1},
  pages={29--38},
  year={1996},
  publisher={Springer}
}

% vierling-swami-2006.pdf
@article{vierling2006short,
  title={{The Short Wave Aerostat-Mounted Imager (SWAMI): A novel platform for acquiring remotely sensed data from a tethered balloon}},
  author={Vierling, L.A. and Fersdahl, M. and Chen, X. and Li, Z. and Zimmerman, P.},
  journal={Remote Sensing of Environment},
  volume={103},
  number={3},
  pages={255--264},
  year={2006},
  publisher={Elsevier}
}

% aber-1999-kites.pdf
@article{aber1999kite,
  title={{Kite aerial photography for environmental site investigations in Kansas}},
  author={Aber, J.S. and Sobieski, R.J. and Distler, D.A. and Nowak, M.C.},
  journal={Transactions of the Kansas Academy of Science (1903)},
  volume={102},
  number={1},
  pages={57--67},
  year={1999},
  publisher={JSTOR}
}

% aber-2002-kites.pdf
@article{aber2002unmanned,
  title={{UNMANNED SMALL FORMAT AERIAL PHOTOGRAPHY FROM KITES ACQUIRING LARGE-SCALE, HIGH-RESOLUTION, MULTIVIEW-ANGLE IMAGERY}},
  author={Aber, J.S. and Aber, S.W. and Pavri, F.},
  journal={INTERNATIONAL ARCHIVES OF PHOTOGRAMMETRY REMOTE SENSING AND SPATIAL INFORMATION SCIENCES},
  volume={34},
  number={1},
  pages={1--6},
  year={2002},
  publisher={NATURAL RESOURCES CANADA}
}


@book{de1989other,
  title={{The other path: the invisible revolution in the Third World}},
  author={De Soto, H. and Llosa, M.V.},
  year={1989},
  publisher={Harper \& Row New York}
}

@article{okolloh2009ushahidi,
  title={{Ushahidi, or ‘testimony’: Web 2.0 tools for crowdsourcing crisis information}},
  author={Okolloh, O.},
  journal={Change at Hand: Web 2.0 for Development},
  pages={65},
  year={2009},
  publisher={Intl Inst for Environment}
}

@presentation{maron2010openstreetmap
	title={OpenStreetMap for Activism},
	author={Maron, Mikel},
	year={2010},
	venue={Maps for Making Change}
}
